<?xml version="1.0" encoding="UTF-8"?><collection xmlns="http://www.loc.gov/MARC21/slim"><record><leader>00361nam--2200133-i-4500</leader><controlfield tag="001">000019263</controlfield><controlfield tag="002">20161230</controlfield><controlfield tag="005">20161230201033</controlfield><controlfield tag="008">060222s1000------------r-----000-0-eng-d</controlfield><datafield ind1=" " ind2=" " tag="080"><subfield code="a">658.3.052.2</subfield></datafield><datafield ind1=" " ind2=" " tag="100"><subfield code="a">Ene, N</subfield></datafield><datafield ind1=" " ind2=" " tag="245"><subfield code="a">Organizarea timpului de munca al cadrelor</subfield></datafield><datafield ind1=" " ind2=" " tag="260"><subfield code="a">Bucuresti, Institutul Central De Documentare Tehnica, 1971. 89 P</subfield></datafield><datafield ind1=" " ind2=" " tag="852"><subfield code="a">35205</subfield></datafield></record></collection>